00510cas a22002053a 4500
001 999311033502836
003 Nz
005 20200616162254.0
008 040109d198u198unz  r ne      000 a0eng d
035    $a (OCoLC)173422481
035    $a (Nz)8177786
035    $a (NLNZils)931103
035    $a (NLNZils)931103-ilsdb
040    $a WN $c WN
042    $a nznb
043    $a u-nz---
245 00 $a Out of towner.
260    $a [Hamilton, N.Z.]
651  0 $a Hamilton (N.Z.) $v Newspapers.
655  7 $a New Zealand newspapers. $2 local $5 Nz
